
@article{noauthor_all_2019,
	title = {The “{All} of {Us}” {Research} {Program}},
	volume = {381},
	issn = {0028-4793},
	url = {https://doi.org/10.1056/NEJMsr1809937},
	doi = {10.1056/NEJMsr1809937},
	number = {7},
	urldate = {2022-10-24},
	journal = {New England Journal of Medicine},
	month = aug,
	year = {2019},
	pmid = {31412182},
	note = {Publisher: Massachusetts Medical Society
\_eprint: https://doi.org/10.1056/NEJMsr1809937},
	pages = {668--676},
}

@techreport{noauthor_all_2022,
	address = {National Institutes of Health},
	title = {All {Of} {Us} {Q2} 2022 {Release} {Genomic} {Quality} {Report}},
	url = {https://www.researchallofus.org/wp-content/themes/research-hub-wordpress-theme/media/2022/06/All%20Of%20Us%20Q2%202022%20Release%20Genomic%20Quality%20Report.pdf},
	year = {2022},
}

@techreport{bacino_genomic_2022,
	title = {Genomic disorders: {An} overview},
	url = {https://www.uptodate.com/contents/genomic-disorders-an-overview},
	institution = {UpToDate},
	author = {Bacino, Carlos A},
	year = {2022},
}
